<?xml version="1.0" encoding="UTF-8"?><collection xmlns="http://www.loc.gov/MARC21/slim"><record><leader>00436nam--2200133-i-4500</leader><controlfield tag="001">000030150</controlfield><controlfield tag="002">20161230</controlfield><controlfield tag="005">20161230201038</controlfield><controlfield tag="008">060222s1000------------r-----000-0-eng-d</controlfield><datafield ind1=" " ind2=" " tag="080"><subfield code="a">510.5(043)</subfield></datafield><datafield ind1=" " ind2=" " tag="100"><subfield code="a">Luethi, Hans-jacob</subfield></datafield><datafield ind1=" " ind2=" " tag="245"><subfield code="a">Ein algorithmus zur approximation von losungen des nichtlinearen komplementaritatsproblems. diss.eth 5183</subfield></datafield><datafield ind1=" " ind2=" " tag="260"><subfield code="a">Zurich, Eidgenossischen Technischen Hochschule Zurich, 1974, 57p</subfield></datafield><datafield ind1=" " ind2=" " tag="852"><subfield code="a">46458</subfield></datafield></record></collection>